<?xml version="1.0" encoding="UTF-8"?><collection><record><leader>09600ntm a2200637 a 4500</leader><controlfield tag="001">006781494</controlfield><controlfield tag="003">MiAaHDL</controlfield><controlfield tag="005">20190719000000.0</controlfield><controlfield tag="006">m        d        </controlfield><controlfield tag="007">cr bn ---auaua</controlfield><controlfield tag="008">090518q17001747xx            00| ||ara d</controlfield><datafield tag="035" ind1=" " ind2=" "><subfield code="a">(MiU)006781494</subfield></datafield><datafield tag="035" ind1=" " ind2=" "><subfield code="a">sdr-miu006781494</subfield></datafield><datafield tag="040" ind1=" " ind2=" "><subfield code="a">MiU</subfield><subfield code="c">MiU</subfield><subfield code="e">amremm</subfield></datafield><datafield tag="043" ind1=" " ind2=" "><subfield code="a">n-us-mi</subfield></datafield><datafield tag="100" ind1="1" ind2=" "><subfield code="6">880-01</subfield><subfield code="a">Shaʻrānī, ʻAbd al-Wahhāb ibn Aḥmad,</subfield><subfield code="d">1493-1565 or 6.</subfield></datafield><datafield tag="245" ind1="1" ind2="0"><subfield code="6">880-03</subfield><subfield code="a">[Kitāb al-Jawāhir wa-al-durar wa-baʻdahu Kitāb min Allāh sabaqa,</subfield><subfield code="f">early 18th century and 1160?, i.e. 1747?].</subfield></datafield><datafield tag="246" ind1="3" ind2=" "><subfield code="i">Edge title (tail):</subfield><subfield code="a">الجواهر والدرر وما معه</subfield></datafield><datafield tag="260" ind1=" " ind2=" "><subfield code="c">[1700-1747]</subfield></datafield><datafield tag="300" ind1=" " ind2=" "><subfield code="a">166 leaves :</subfield><subfield code="b">paper ;</subfield><subfield code="c">211 x 163 (160 x 93) mm.</subfield></datafield><datafield tag="500" ind1=" " ind2=" "><subfield code="a">Shelfmark: Ann Arbor, University of Michigan, Special Collections Library, Isl. Ms. 503</subfield></datafield><datafield tag="500" ind1=" " ind2=" "><subfield code="a">Origin: As appears in colophon on p.337, final work copied by Ismāʻīl al-Liddī al-Azharī al-Rifāʻī with transcription completed 9 Jumādá II 1160 [?] [ca. 18 June 1747 ?]. Dated reading notice on opening 'title page' provides a rough terminus ante quem for first work of 1727. Paper for opening work would suggest early 18th century. Dated reading notices for one ʻAbd al-Karīm ibn ʻAbd al-Raḥmān on 'title pages' for both works would suggest that both works had been brought together by 1778 or 9.</subfield></datafield><datafield tag="500" ind1=" " ind2=" "><subfield code="a">Accompanying materials: a. Acquisitions slip from Yahuda (pp.1-2) -- b. Three inventory cataloguing slips in hand of Winifred Smeaton Thomas (pp.3-8).</subfield></datafield><datafield tag="500" ind1=" " ind2=" "><subfield code="a">Former shelfmark: From spine label, inner front cover and 'title page' (p.9), "IL 77" (likely supplied by Yahuda, see acquisitions slip).</subfield></datafield><datafield tag="500" ind1=" " ind2=" "><subfield code="a">Binding: Pasteboards now covered in dark pink cloth ; Type II binding (with flap) ; board linings (doublures) and lining of envelope flap in marbled paper (mainly in blue, pink, yellow and white) ; fore edge flap lined in red brown leathers ; sewn in light blue thread, two stations ; overall in fair condition with some staining and lifting of cloth.</subfield></datafield><datafield tag="500" ind1=" " ind2=" "><subfield code="a">Support: European laid paper of several types ; near the opening a type with 6 laid lines per cm. (vertical), chain lines spaced 25-30 mm. apart (horizontal), and watermarks including three crescents (80 mm. long, perpendicular to chains, see p.14, 23, etc.) and egg-like figure with six circles within and crown above (see p.18, 19, etc. and compare nos. 378, 381, 387, 392 and 394 dated 1724-1726 in Nikolaev, Watermarks of the Ottoman Empire, vol.1) ; another type with 7 laid lines per cm. (vertical), chain lines spaced 28-29 mm. apart (horizontal), and three crescents watermark (73 mm. long, perpendicular to chains, see p.34, 43, etc.) ; paper of the latter quires with 8 laid lines per cm. (vertical), chain lines spaced 25 mm. apart (horizontal), and three crescents watermark (66 mm. long, perpendicular to the chains) ; minor staining.</subfield></datafield><datafield tag="500" ind1=" " ind2=" "><subfield code="a">Decoration: Some keywords rubricated ; textual dividers in the form of red discs and inverted commas.</subfield></datafield><datafield tag="500" ind1=" " ind2=" "><subfield code="a">Script: Naskh ; at least three hands ; opening of al-Jawāhir al-durar (through p.108) in an elegant Egyptian or 'Syrian' [?] hand, mainly serifless and quite rounded with curvilinear descenders, effect of tilt to the left, freely ligatured, pointing (for two and three dots) mainly distinct dots, point of final nūn set deep in bowl, kāf mashqūqah preferred ; remainder of al-Jawāhir al-durar and paratext from exemplar (p.109-p.301) in possibly two or three hands, similar to first but more compact with pointing in strokes, freely ligatured ; final work in still another hand, somewhat angular with 'Syrian' character, mainly serifless with effect of tilt to the left or right, occasional effect of words descending to baseline, some elongation of horizontal strokes, somewhat carelessly pointed (with two and three dots distinct or conjoined).</subfield></datafield><datafield tag="500" ind1=" " ind2=" "><subfield code="a">Layout: Written in 21-23 lines per page.</subfield></datafield><datafield tag="500" ind1=" " ind2=" "><subfield code="a">Collation: 16 V(160), III (166) ; almost exclusively quinions ; quire numbering in the form of Hindu-Arabic numerals in the upper outer corner of the opening recto of each of the first five quires ; catchwords present ; pagination in pencil, Western numerals, supplied during digitization (includes inserts).</subfield></datafield><datafield tag="500" ind1=" " ind2=" "><subfield code="a">Colophon: [Kitāb min Allāh sabaqa] "وكان الفراغ من كتابة هذا المولف في يوم الخميس في تاسع من شهر جمادى الثاني المبارك سنه ١٦٠ على يدي افقر الورى ... الفقير اسماعيل اللدي وطنا الازهري نسبة[؟] الرفاعي طريقة عفي الله عنه وعن والديه وعن مشايخه وعن جميع المسلمين امين امين امين"</subfield></datafield><datafield tag="500" ind1=" " ind2=" "><subfield code="a">Incipit: [al-Jawāhir wa-al-durar] "الحمد لله رب العالمين والصلي واسلم على سيدنا محمد ... وبعد فهذه جواهر درر التقطتها من كلام شيخي وقدوتي الى الله تعالى الشيخ الكامل ... علي الخواص البرنسي [البرلسي] ... وسميته بالجواهر والدرر ..." ; [Kitāb min Allāh sabaqa] "وصلى الله على سيدنا محمد واله وصحبه وسلم هذا كتاب من الله سبق من قبل ان فتق ورتق ضمنه عهد من صدق وصدق ..."</subfield></datafield><datafield tag="500" ind1=" " ind2=" "><subfield code="a">Title supplied by cataloguer from inscriptions on opening 'title page' (p.9).</subfield></datafield><datafield tag="500" ind1=" " ind2=" "><subfield code="a">Ms. composite codex.</subfield></datafield><datafield tag="505" ind1="0" ind2=" "><subfield code="a">6. p.310-p.337 : Kitāb min Allāh sabaqa min qabli an futiqa wa rutiqa [?] / Ibn al-ʻArabī.</subfield></datafield><datafield tag="505" ind1="0" ind2=" "><subfield code="a">5. p.309 : [originally blank, now 'title page' for final work with title and a few study / reading notices and ownership statement].</subfield></datafield><datafield tag="505" ind1="0" ind2=" "><subfield code="a">4. p.306-308 : [blank].</subfield></datafield><datafield tag="505" ind1="0" ind2=" "><subfield code="a">3. p.302-p.305 : [assorted exceprts].</subfield></datafield><datafield tag="505" ind1="0" ind2=" "><subfield code="a">2. p.297-p.301 : [selection of ijāzāt, etc. transcribed from the manuscript exemplar under the heading "Ṣūrah mā ʻalá aṣlih min khuṭūṭ mashāyikh al-islām bi-Miṣr al-maḥrūsah"].</subfield></datafield><datafield tag="505" ind1="0" ind2=" "><subfield code="a">1. p.10-p.297 : al-Jawāhir wa-al-durar / ʻAbd al-Wahhāb ibn Aḥmad al-Shaʻrānī.</subfield></datafield><datafield tag="510" ind1="4" ind2=" "><subfield code="a">Nikolaev, Vsevolod. Watermarks of the mediaeval Ottoman documents in Bulgarian libraries. In Watermarks of the Ottoman Empire, volume 1. Sofia: Bulgarian Academy of Sciences, 1954.</subfield></datafield><datafield tag="510" ind1="4" ind2=" "><subfield code="a">Brockelmann, C. GAL,</subfield><subfield code="c">S I 790 ff.</subfield></datafield><datafield tag="510" ind1="4" ind2=" "><subfield code="a">Brockelmann, C. GAL,</subfield><subfield code="c">II 337 ( no.23)</subfield></datafield><datafield tag="520" ind1="8" ind2=" "><subfield code="a">Fine copy of the Ṣūfī work expositing a collection of spiritual utterances attributed to al-Shaʻrānī's shaykh, ʻAlī al-Khawwāṣ al-Burullusī (d.1532 or 3). Apparently once in a collection (majmūʻah) that contained the works listed on opening 'title page' (p.9). Now followed by a work attributed to Ibn ʻArabī (d.1240), Kitāb min Allāh sabaqa.</subfield></datafield><datafield tag="538" ind1=" " ind2=" "><subfield code="a">Mode of access: Internet.</subfield></datafield><datafield tag="541" ind1=" " ind2=" "><subfield code="a">Acquired in 1926 from the bookseller Isaac Benjamin S.E. Yahuda via purchase transacted on his behalf by Abraham Shalom Yahuda (1877-1951), his younger brother.</subfield></datafield><datafield tag="546" ind1=" " ind2=" "><subfield code="a">Arabic.</subfield></datafield><datafield tag="561" ind1=" " ind2=" "><subfield code="a">Several ownership statements (some effaced) and reading / study notices on 'title page' for opening work (p.9) including reading / study note in name of Muḥammad ibn Muḥammad ibn al-Ḥājj ʻAlī al-ʻAṭṭār ( محمد بن محمد بن علي العطار ) dated 1139 [August 1727], reading / study note in name of one ʻAbd al-Karīm ( عبد الكريم ) dated 15 Rajab 1190 [ca. 30 August 1776], ownership / purchase statement in name of ʻAbd al-Ḥayy ibn ʻAbd al-Qādir al-ʻAlamī ( عبد الحي بن عبد القادر العلمي ) dated 1193 [?] [1779 ?], reading / study note in name of Muḥammad ibn ʻUmar Zaytūnah ( محمد بن عمر زيتونة ) dated 26 Jumādá II [?] 1250 [ca. 30 October 1834] or possibly 1251 [1835] , and ownership statement in name of al-Sayyid Muḥammad ... al-Ḥusaynī [?] (السيد محمد ... الحسيني ) dated 1282 [1865 or 6] ; selection of ijāzāt, etc. appearing on the exemplar from which the opening work was copied (pp.297-301) ; ownership statement and reading / study notices on 'title page' for final work (p.309) include statement dated 1192 [1778 or 9] in name of the aforementioned ʻAbd al-Karīm ibn al-Shaykh ʻAbd al-Raḥmān ( عبد الكريم ابن الشيخ عبد الرحمن ), ownership / purchase statement in name of the aforementioned ʻAbd al-Ḥayy ibn ʻAbd al-Qādir al-ʻAlamī ( عبد الحي بن عبد القادر العلمي ), and reading / study notice dated 26 [?] 1250 [1834 or 5] in name of ʻUmar Zaytūnah ( عمر زيتزنه ) father of the aforementioned Muḥammad (for further details on this family, see "biographical information on the Zaituna family in Ms. Berlin We II 1148, fol. 50v" description provided by B. Liebrenz) ; occasional marginal corrections.</subfield></datafield><datafield tag="650" ind1=" " ind2="0"><subfield code="a">Manuscripts, Arabic</subfield><subfield code="z">Michigan</subfield><subfield code="z">Ann Arbor.</subfield></datafield><datafield tag="650" ind1=" " ind2="0"><subfield code="a">Sufism</subfield><subfield code="v">Early works to 1800.</subfield></datafield><datafield tag="700" ind1="0" ind2="2"><subfield code="6">880-04</subfield><subfield code="a">Ibn al-ʻArabī,</subfield><subfield code="d">1165-1240.</subfield><subfield code="t">Kitāb min Allāh sabaqa.</subfield></datafield><datafield tag="740" ind1="0" ind2="2"><subfield code="a">كتاب من الله سبق من قبل ان فتق ورتق</subfield></datafield><datafield tag="773" ind1="0" ind2=" "><subfield code="a">Yahuda Collection.</subfield></datafield><datafield tag="880" ind1="0" ind2="2"><subfield code="6">700-04/</subfield><subfield code="a">ابن العربي.</subfield><subfield code="t">كتاب من الله سبق.</subfield></datafield><datafield tag="880" ind1="1" ind2="0"><subfield code="6">245-03/</subfield><subfield code="a">[كتاب الجواهر والدرر وبعده كتاب من الله سبق,</subfield><subfield code="f">اوائل القرن 18م و1160ه؟، 1747م؟].</subfield></datafield><datafield tag="880" ind1="1" ind2=" "><subfield code="6">100-01/</subfield><subfield code="a">شعرانى، عبد الوهاب بن أحمد.</subfield></datafield><datafield tag="CID" ind1=" " ind2=" "><subfield code="a">006781494</subfield></datafield><datafield tag="DAT" ind1="0" ind2=" "><subfield code="a">20190719102635.0</subfield><subfield code="b">20190719000000.0</subfield></datafield><datafield tag="DAT" ind1="1" ind2=" "><subfield code="a">20190719090653.0</subfield><subfield code="b">2019-07-19T16:11:28Z</subfield></datafield><datafield tag="DAT" ind1="2" ind2=" "><subfield code="a">2015-10-10T18:00:06Z</subfield></datafield><datafield tag="CAT" ind1=" " ind2=" "><subfield code="a">SDR-MIU</subfield><subfield code="d">EX LIBRIS - ALEPH</subfield><subfield code="l">prepare.pl-004-008</subfield></datafield><datafield tag="FMT" ind1=" " ind2=" "><subfield code="a">BK</subfield></datafield><datafield tag="HOL" ind1=" " ind2=" "><subfield code="0">sdr-miu006781494</subfield><subfield code="a">MiU</subfield><subfield code="b">SDR</subfield><subfield code="c">MIU</subfield><subfield code="p">mdp.39015079125798</subfield><subfield code="s">MIU</subfield><subfield code="1">006781494</subfield></datafield><datafield tag="974" ind1=" " ind2=" "><subfield code="b">MIU</subfield><subfield code="c">MIU</subfield><subfield code="d">20190719</subfield><subfield code="s">lit-dlps-dc</subfield><subfield code="u">mdp.39015079125798</subfield><subfield code="y">1747</subfield><subfield code="r">pd</subfield><subfield code="q">bib</subfield><subfield code="t">non-US bib date2 &lt; 1896</subfield></datafield></record></collection>